<?xml version="1.0" encoding="UTF-8"?><collection xmlns="http://www.loc.gov/MARC21/slim"><record><leader>00348nam--2200133-i-4500</leader><controlfield tag="001">000043386</controlfield><controlfield tag="002">20161230</controlfield><controlfield tag="005">20161230201044</controlfield><controlfield tag="008">060222s1000------------r-----000-0-eng-d</controlfield><datafield ind1=" " ind2=" " tag="080"><subfield code="a">621.384.634</subfield></datafield><datafield ind1=" " ind2=" " tag="245"><subfield code="a">Synchrotron radiatioin department scientific reports 1994-1995</subfield></datafield><datafield ind1=" " ind2=" " tag="260"><subfield code="a">Chilton, Clrc, 1995. 355 P</subfield></datafield><datafield ind1=" " ind2=" " tag="700"><subfield code="a">Cernik,R.J</subfield></datafield><datafield ind1=" " ind2=" " tag="852"><subfield code="a">80489</subfield></datafield></record></collection>